% Encoding: UTF-8

@Article{Energylevels,
  author  = {Katsumata, K. and Hagiwara,M. and Tokunaga,M. and Yamaguchi,H.},
  title   = {Observation of single-ion magnon bound states in the metamagnet FeI2},
  journal = {Journal of Applied Physics},
  year    = {2000},
  volume  = {87},
  number  = {9},
  pages   = {5085-5087},
  doi     = {10.1063/1.373256},
  eprint  = {https://doi.org/10.1063/1.373256},
  url     = { 
        https://doi.org/10.1063/1.373256
    
},
}

@Article{Tnematic,
  author    = {Smerald, Andrew and Ueda, Hiroaki T. and Shannon, Nic},
  title     = {Theory of inelastic neutron scattering in a field-induced spin-nematic state},
  journal   = {Phys. Rev. B},
  year      = {2015},
  volume    = {91},
  pages     = {174402},
  month     = {May},
  doi       = {10.1103/PhysRevB.91.174402},
  issue     = {17},
  numpages  = {27},
  publisher = {American Physical Society},
  url       = {https://link.aps.org/doi/10.1103/PhysRevB.91.174402},
}

@Article{BSU(3),
  author  = {Muniz, Rodrigo A. and Kato, Yasuyuki and Batista, Cristian D.},
  title   = {Generalized spin-wave theory: Application to the bilinear-biquadratic model},
  journal = {Progress of Theoretical and Experimental Physics},
  year    = {2014},
  volume  = {2014},
  number  = {8},
  month   = {08},
  issn    = {2050-3911},
  doi     = {10.1093/ptep/ptu109},
  url     = {https://doi.org/10.1093/ptep/ptu109},
}

@Book{lacroix2011introduction,
  title     = {Introduction to frustrated magnetism: materials, experiments, theory},
  publisher = {Springer Science \& Business Media},
  year      = {2011},
  author    = {Lacroix, Claudine and Mendels, Philippe and Mila, Fr{\'e}d{\'e}ric},
  volume    = {164},
}

@Book{auerbach2012interacting,
  title     = {Interacting electrons and quantum magnetism},
  publisher = {Springer Science \& Business Media},
  year      = {2012},
  author    = {Auerbach, Assa},
}

@Article{moriya,
  author    = {Moriya, T\^oru},
  title     = {Anisotropic Superexchange Interaction and Weak Ferromagnetism},
  journal   = {Phys. Rev.},
  year      = {1960},
  volume    = {120},
  pages     = {91--98},
  month     = {Oct},
  doi       = {10.1103/PhysRev.120.91},
  issue     = {1},
  numpages  = {0},
  publisher = {American Physical Society},
  url       = {https://link.aps.org/doi/10.1103/PhysRev.120.91},
}

@Article{SSZCDB,
  author    = {Ghioldi, E. A. and Gonzalez, M. G. and Zhang, Shang-Shun and Kamiya, Yoshitomo and Manuel, L. O. and Trumper, A. E. and Batista, C. D.},
  title     = {Dynamical structure factor of the triangular antiferromagnet: Schwinger boson theory beyond mean field},
  journal   = {Phys. Rev. B},
  year      = {2018},
  volume    = {98},
  pages     = {184403},
  month     = {Nov},
  doi       = {10.1103/PhysRevB.98.184403},
  issue     = {18},
  numpages  = {23},
  publisher = {American Physical Society},
  url       = {https://link.aps.org/doi/10.1103/PhysRevB.98.184403},
}

@Article{auerbach_Schwinger,
  author    = {Arovas, Daniel P. and Auerbach, Assa},
  title     = {Functional integral theories of low-dimensional quantum Heisenberg models},
  journal   = {Phys. Rev. B},
  year      = {1988},
  volume    = {38},
  pages     = {316--332},
  month     = {Jul},
  doi       = {10.1103/PhysRevB.38.316},
  issue     = {1},
  numpages  = {0},
  publisher = {American Physical Society},
  url       = {https://link.aps.org/doi/10.1103/PhysRevB.38.316},
}

@Article{Raman_FeI2,
  author    = {D J Lockwood and G Mischler and A Zwick},
  title     = {Raman scattering from magnons, electronic excitations and phonons in antiferromagnetic {FeI}2},
  journal   = {Journal of Physics: Condensed Matter},
  year      = {1994},
  volume    = {6},
  number    = {32},
  pages     = {6515--6533},
  month     = {aug},
  doi       = {10.1088/0953-8984/6/32/013},
  publisher = {{IOP} Publishing},
  url       = {https://doi.org/10.1088%2F0953-8984%2F6%2F32%2F013},
}

@Article{minimalmodel,
  author  = {Mekata ,Mamoru},
  title   = {Antiferro-Ferrimagnatic Transition in Triangular Ising Lattice},
  journal = {Journal of the Physical Society of Japan},
  year    = {1977},
  volume  = {42},
  number  = {1},
  pages   = {76-82},
  doi     = {10.1143/JPSJ.42.76},
  eprint  = {https://doi.org/10.1143/JPSJ.42.76},
  url     = { 
        https://doi.org/10.1143/JPSJ.42.76
    
},
}

@Article{FIRESR,
  author    = {Katsumata, K. and Yamaguchi, H. and Hagiwara, M. and Tokunaga, M. and Mikeska, H.-J. and Goy, P. and Gross, M.},
  title     = {Single-ion magnon bound states in an antiferromagnet with strong uniaxial anisotropy},
  journal   = {Phys. Rev. B},
  year      = {2000},
  volume    = {61},
  pages     = {11632--11636},
  month     = {May},
  doi       = {10.1103/PhysRevB.61.11632},
  issue     = {17},
  numpages  = {0},
  publisher = {American Physical Society},
  url       = {https://link.aps.org/doi/10.1103/PhysRevB.61.11632},
}

@Article{example1,
  author    = {Penc, K. and Romh\'anyi, J. and R\~o\~om, T. and Nagel, U. and Antal, \'A. and Feh\'er, T. and J\'anossy, A. and Engelkamp, H. and Murakawa, H. and Tokura, Y. and Szaller, D. and Bord\'acs, S. and K\'ezsm\'arki, I.},
  title     = {Spin-Stretching Modes in Anisotropic Magnets: Spin-Wave Excitations in the Multiferroic ${\mathrm{Ba}}_{2}{\mathrm{CoGe}}_{2}{\mathbf{O}}_{7}$},
  journal   = {Phys. Rev. Lett.},
  year      = {2012},
  volume    = {108},
  pages     = {257203},
  month     = {Jun},
  doi       = {10.1103/PhysRevLett.108.257203},
  issue     = {25},
  numpages  = {5},
  publisher = {American Physical Society},
  url       = {https://link.aps.org/doi/10.1103/PhysRevLett.108.257203},
}

@Article{example2,
  author    = {Akaki, Mitsuru and Yoshizawa, Daichi and Okutani, Akira and Kida, Takanori and Romh\'anyi, Judit and Penc, Karlo and Hagiwara, Masayuki},
  title     = {Direct observation of spin-quadrupolar excitations in ${\mathrm{Sr}}_{2}{\mathrm{CoGe}}_{2}{\mathrm{O}}_{7}$ by high-field electron spin resonance},
  journal   = {Phys. Rev. B},
  year      = {2017},
  volume    = {96},
  pages     = {214406},
  month     = {Dec},
  doi       = {10.1103/PhysRevB.96.214406},
  issue     = {21},
  numpages  = {16},
  publisher = {American Physical Society},
  url       = {https://link.aps.org/doi/10.1103/PhysRevB.96.214406},
}

@Article{su3_coherent,
  author    = {Mathur, Manu and Sen, Diptiman},
  title     = {Coherent states for SU(3)},
  journal   = {Journal of Mathematical Physics},
  year      = {2001},
  volume    = {42},
  number    = {9},
  pages     = {4181-4196},
  month     = {Sep},
  issn      = {1089-7658},
  doi       = {10.1063/1.1385563},
  publisher = {AIP Publishing},
  url       = {http://dx.doi.org/10.1063/1.1385563},
}

@Article{REVMOD,
  author    = {Zhitomirsky, M. E. and Chernyshev, A. L.},
  title     = {Colloquium: Spontaneous magnon decays},
  journal   = {Rev. Mod. Phys.},
  year      = {2013},
  volume    = {85},
  pages     = {219--242},
  month     = {Jan},
  doi       = {10.1103/RevModPhys.85.219},
  issue     = {1},
  numpages  = {0},
  publisher = {American Physical Society},
  url       = {https://link.aps.org/doi/10.1103/RevModPhys.85.219},
}

@Book{altland_simons_2010, 
  place={Cambridge}, 
  edition={2}, 
  title={Condensed Matter Field Theory}, 
  DOI={10.1017/CBO9780511789984}, 
  publisher={Cambridge University Press}, 
  author={Altland, Alexander and Simons, Ben D.}, 
  year={2010}}
